@article{li2010popup,
  title={Popup: automatic paper architectures from 3D models.},
  author={Li, Xian-Ying and Shen, Chao-Hui and Huang, Shi-Sheng and Ju, Tao and Hu, Shi-Min},
  journal={ACM Trans. Graph.},
  volume={29},
  number={4},
  pages={111--1},
  year={2010}
}

@article{le2014surface,
  title={Surface and contour-preserving origamic architecture paper pop-ups},
  author={Le, Sang N and Leow, Su-Jun and Le-Nguyen, Tuong-Vu and Ruiz, Carlos and Low, Kok-Lim},
  journal={Visualization and Computer Graphics, IEEE Transactions on},
  volume={20},
  number={2},
  pages={276--288},
  year={2014},
  publisher={IEEE}
}

@inproceedings{liu2014image,
  title={Image-based paper pop-up design},
  author={Liu, Chen and Yang, Yong-Liang and Lee, Ya-Hsuan and Chu, Hung-Kuo},
  booktitle={ACM SIGGRAPH 2014 Posters},
  pages=36,
  year=2014,
  organization={ACM}
}

@inproceedings{mitani2004computer,
  title={Computer aided design for origamic architecture models with polygonal representation},
  author={Mitani, Jun and Suzuki, Hiromasa},
  booktitle={Computer Graphics International, 2004. Proceedings},
  pages={93--99},
  year={2004},
  organization={IEEE}
}